<?xml version="1.0" encoding="UTF-8"?><collection xmlns="http://www.loc.gov/MARC21/slim"><record><leader>00482nam--2200181-i-4500</leader><controlfield tag="001">000019773</controlfield><controlfield tag="002">20161230</controlfield><controlfield tag="005">20161230201033</controlfield><controlfield tag="008">060222s1000------------r-----000-0-rus-d</controlfield><datafield ind1=" " ind2=" " tag="040"><subfield code="a">IFIN-HH</subfield></datafield><datafield ind1=" " ind2=" " tag="041"><subfield code="a">rus</subfield></datafield><datafield ind1=" " ind2=" " tag="080"><subfield code="a">539.12.162.8</subfield></datafield><datafield ind1="1" ind2=" " tag="110"><subfield code="a">Akademia Nauk Uzbekskoi SSR</subfield></datafield><datafield ind1="1" ind2="0" tag="245"><subfield code="a">Neuprugie vzaimodeistvia adronov s huklonami i iadrami pri visokih energiah</subfield></datafield><datafield ind1=" " ind2=" " tag="260"><subfield code="a">Taskent</subfield><subfield code="b">Fan</subfield><subfield code="c">1978</subfield></datafield><datafield ind1=" " ind2=" " tag="300"><subfield code="a">149P</subfield></datafield><datafield ind1=" " ind2=" " tag="852"><subfield code="a">46605</subfield><subfield code="c">539.12</subfield></datafield><datafield ind1=" " ind2=" " tag="CAT"><subfield code="a">Sys</subfield><subfield code="c">20111206</subfield><subfield code="h">130427</subfield></datafield></record></collection>